
@misc{LoremIpsumAll,
  langid = {english},
  title = {Lorem {{Ipsum}} - {{All}} the Facts - {{Lipsum}} Generator},
  url = {https://el.lipsum.com/},
  author = {{http://lipsum.org}},
  urldate = {2019-02-02},
}


